
@book{BOOK:MULTI_CAMERA,
    author    = "Hamid Aghajan, Andrea Cavallaro",
    title     = "Multi-Camera Networks: Principles and Applications",
}

@book{BOOK:PROGRAMMING_EMBEDDED,
    author    = "Christophe Bobda, Senem Velipasalar",
    title     = "Programming Embedded Systems in C and C++",
}

@book{BOOK:DISTRIBUTED,
    author    = "by Christophe Bobda, Senem Velipasalar",
    title     = "Distributed Embedded Smart Cameras: Architectures, Design and Applications",
}

@book{BOOK:MAKING_EMBEDDED,
    author    = "Elecia White",
    title     = "Making Embedded Systems Design Patterns for Great Software",
}

@book{BOOK:EMBEDDED_LINUX,
    author    = "Christopher Hallinan",
    title     = "Embedded Linux Primer: A Practical Real-World Approach",
}

@book{BOOK:170YEARS_OF_CAMERAS,
    author    = "Todd Gustavson",
    title     = "500 Cameras: 170 Years of Photographic Innovation",
}

@MISC{XIL:UG585,
	title = {Xilinx Zynq 7000 Technical Reference Manual},
	howpublished={\url{http://www.xilinx.com/support/documentation/user_guides/ug585-Zynq-7000-TRM.pdf}}
}

