@article{greenwade93,
    author  = "George D. Greenwade",
    title   = "The {C}omprehensive {T}ex {A}rchive {N}etwork ({CTAN})",
    year    = "1993",
    journal = "TUGBoat",
    volume  = "14",
    number  = "3",
    pages   = "342--351"
}

@book{BOOK:BLACK_MAGIC,
    author    = "Howard W. Johnson, Martin Graham",
    title     = "High Speed Digital Design: A Handbook Of Black Magic",
    year      = "1993",
    publisher = " Prentice-Hall ",
}

@book{BOOK:HIGH_SPEED,
    author    = "Stephen H. Hall, Garrett W. Hall, James A. McCall",
    title     = "High-Speed Digital System Design: A Handbook of Interconnect Theory and Design Practices",
    year      = "2001",
    publisher = " Prentice-Hall ",
}

@MISC{JET,
	title = {{J}oint {E}uropean {T}orus},
	howpublished={\url{http://www.efda.org/jet/}}
}

@MISC{WEST,
	title = {W {E}nvironment in {S}teady-state {T}okamak},
	howpublished={\url{http://www.iter.org/newsline/158/531}}
}

@MISC{CMS,
	title = {{CMS} {CERN}},
	howpublished={\url{http://cms.web.cern.ch/}}
}
@MISC{MOTOX,
	title = {{MOTOX}},
	howpublished={\url{http://reviews.cnet.com/motorola-moto-x/}}
}


@MISC{DSP_4K,
	title = {{Advantech Introduces Carrier Grade Server Platform}},
	howpublished={\url{http://goo.gl/26NKCZ}}
}
@MISC{LVDS_HCSL,
	title = {{Signal Types and Terminations}},
	howpublished={\url{http://www.vectron.com/products/literature_library/Signal_Types_and_Terminations.pdf}}
}



@MISC{MTCA_4,
	title = {{MTCA for Physics}},
	howpublished={\url{http://schroff.co.uk/microtca4/0.html}}
}
@MISC{CUDA,
	title = {{CUDA}},
	howpublished={\url{http://www.nvidia.com/object/cuda_home_new.html}}
}

@MISC{TESLA,
	title = {{TESLA}},
	howpublished={\url{http://www.nvidia.com/object/tesla-servers.html}}
}



@MISC{LHC,
	title = {The {L}arge {H}ardon {C}ollider at {CERN}},
	howpublished={\url{http://home.web.cern.ch/about/accelerators/large-hadron-collider}}
}

@MISC{PERG,
	title = {Photonics and {W}eb {E}ngineering {R}esearch {G}roup},
	howpublished={\url{http://www.ise.pw.edu.pl/~rrom/}}
}

@MISC{CERN,
	title = {European {O}rganization for {N}uclear {R}esearch},
	howpublished={\url{http://home.web.cern.ch/}}
}
@MISC{GEM,
	title = {Gas {E}lectron {M}ultiplier},
	howpublished={\url{http://cerncourier.com/cws/article/cern/2792}}
}


@MISC{MATLAB,
	title = {Mathworks {M}atlab},
	howpublished={\url{http://www.mathworks.com/products/matlab/}}
}


@MISC{COMMAGILITY,
	title = {Commagility {AMC-V7-2C6678}},
	howpublished={\url{http://www.commagility.com/amc-v7-2c6678.php}}
}


@MISC{COMPANY:TEXAS,
	title = {Texas {I}nstruments},
	howpublished={\url{http://www.ti.com/}}
}

@MISC{SOFT:LINUX,
	title = {Linux {M}ulticore {S}oftware {D}evelopement {K}it},
	howpublished={\url{http://www.ti.com/tool/bioslinuxmcsdk}}
}



@MISC{ALTIUM,
	title = {Altium {D}esigner},
	howpublished={\url{http://www.altium.com/en}}
}



@MISC{COMPANY:Xilinx,
	title = {Xilinx {I}nc.},
	howpublished={\url{http://www.xilinx.com/}}
}
%-------------------------------------------------------------------------
@MISC{OHWR,
	title = {{Open Hardware Repository}},
	howpublished={\url{http://www.ohwr.org/projects/}}
}

@MISC{FPGA:UG470,
	title = {{ 7 Series FPGAs Configuration User Guide UG470}},
	howpublished={\url{http://www.xilinx.com/support/documentation/user_guides/ug470_7Series_Config.pdf}}
}

@MISC{FPGA:UG475,
	title = {{7 Series FPGAs Packaging and Pinout Product Specification UG475}},
	howpublished={	\url{http://www.xilinx.com/support/documentation/user_guides/ug475_7Series_Pkg_Pinout.pdf}}
}

@MISC{FPGA:DS181,
	title = {{Artix-7 FPGAs Data Sheet:DC and Switching Characteristics DS181}},
	howpublished={\url{http://www.xilinx.com/support/documentation/data_sheets/ds181_Artix_7_Data_Sheet.pdf}}
}

@MISC{COMPANY:MICRON,
	title = {{Micron}},
	howpublished={\url{http://www.micron.com/}}
}

@MISC{PICMG,
	title = {{PICMG Open Modular Computing Specifications}},
	howpublished={\url{http://www.picmg.org/index.htm}}
}


@MISC{AMC_BASE,
	title = {{AMC Base Specification Short Form}},
	howpublished={\url{http://www.picmg.org/pdf/AMC.0_R2.0_Short_Form.pdf}}
}


@MISC{M25P128,
	title = {{ SPI NOR FLASH M25P128 }},
	howpublished={\url{https://www.micron.com/~/media/documents/products/data%20sheet/nor%20flash/serial%20nor/m25p/m25p128.pdf}}
}

@MISC{COMPANY:MAXIM       ,
	title = {{Maxim Integrated        }   },
	howpublished={\url{    http://www.maximintegrated.com/       }}
}


@MISC{MAX6642ATT90       ,
	title = {{ MAX6642ATT90}          },
	howpublished={\url{  http://datasheets.maximintegrated.com/en/ds/MAX6642.pdf        }}
}



@MISC{PEX8616       ,
	title = {{ PEX8616    }       },
	howpublished={\url{http://www.plxtech.com/products/expresslane/pex8616          }}
}

@MISC{COMPANY:PLX       ,
	title = {{PLX Technology        }   },
	howpublished={\url{http://www.plxtech.com/          }}
}


@MISC{COMPANY:ANALOG       ,
	title = {{Analog Devices        }   },
	howpublished={\url{ http://www.analog.com/en/index.html         }}
}



@MISC{FPGA:GTP       ,
	title = {{7 Series FPGAs GTP TransceiversUser Guide UG482   }        },
	howpublished={\url{http://www.xilinx.com/support/documentation/user_guides/ug482_7Series_GTP_Transceivers.pdf          }}
}

@MISC{ FPGA:MIG      ,
	title = {{    7 Series FPGAs Memory Interface Solutions v2.0 User Guide UG586}        },
	howpublished={\url{ http://www.xilinx.com/support/documentation/ip_documentation/mig_7series/v2_0/ug586_7Series_MIS.pdf         }}
}



@MISC{UG483      ,
	title = {{7 Series FPGAs PCB Design and Pin Planning Guide UG483     }      },
	howpublished={\url{  http://www.xilinx.com/support/documentation/user_guides/ug483_7Series_PCB.pdf        }}
}

@MISC{COMPANY:ON      ,
	title = {{ON Semiconductor }      },
	howpublished={\url{http://www.onsemi.com/}}
}


@MISC{DATASHEET:TMS       ,
	title = {{TMS320C6678  }         },
	howpublished={\url{http://www.ti.com/lit/ds/symlink/tms320c6678.pdf          }}
}

@MISC{ADN4604       ,
	title = {{ ADN4604     }      },
	howpublished={\url{http://www.analog.com/static/imported-files/data_sheets/ADN4604.pdf          }}
}


@MISC{COMPANY:VITESSE       ,
	title ={ { Vitesse          } },
	howpublished={\url{https://www.vitesse.com/          }}
}



@MISC{DEVICE_SHEET       ,
	title = {{Altium Designer Using Device Sheets }          },
	howpublished={\url{ http://wiki.altium.com/display/ADOH/Using+Device+Sheets        }}
}

@MISC{DSP:CLOCK       ,
	title = { {Clocking Design Guide for KeyStone Devices }         },
	howpublished={\url{http://www.ti.com/general/docs/lit/getliterature.tsp?baseLiteratureNumber=sprabi4          }}
}


@MISC{DSP:DDR3       ,
	title = {{DDR3 Design Requirements for KeyStone Devices    }       },
	howpublished={\url{http://www.ti.com/general/docs/lit/getliterature.tsp?baseLiteratureNumber=sprabi1&fileType=pdf          }}
}



@MISC{ DSP:HDG      ,
	title = {{ Hardware Design Guide for KeyStone I Devices }          },
	howpublished={\url{ http://www.ti.com/lit/an/sprabi2c/sprabi2c.pdf         }}
}



@MISC{MINISAS       ,
	title = {{Molex iPass connector }          },
	howpublished={\url{ http://www.molex.com/pdm_docs/sd/757830132_sd.pdf         }}
}


@MISC{CDCUN1208       ,
	title = { { CDCUN1208 }},
	howpublished={\url{http://www.ti.com/general/docs/lit/getliterature.tsp?genericPartNumber=cdcun1208lp&fileType=pdf          }}
}


@MISC{AD9522       ,
	title = {{Analog Devices AD9522 }},
	howpublished={ \url{http://www.analog.com/static/imported-files/data_sheets/AD9522-1.pdf}     }
}


@MISC{LPC1764       ,
	title = {{NXP LPC1764           }},
	howpublished={\url{http://www.nxp.com/products/microcontrollers/cortex_m3/LPC1764FBD100.html}      }
}



@MISC{UCD7242       ,
	title = {{TI UCD7242          } },
	howpublished={\url{http://www.ti.com/general/docs/lit/getliterature.tsp?literatureNumber=slus962b}      }
}



@MISC{SN74AVC4T       ,
	title = {{SN74AVC4T           }},
	howpublished={\url{http://www.ti.com/product/sn74avc4t245}      }
}


@MISC{CDCM6208      ,
	title = {{CDCM6208           }},
	howpublished={\url{http://www.ti.com/product/cdcm6208}      }
}


@MISC{FPGA:UG472       ,
	title = {{7 Series FPGAs Clocking Resources User Guide UG472            }},
	howpublished={\url{http://www.xilinx.com/support/documentation/user_guides/ug472_7Series_Clocking.pdf}      }
}


@MISC{DSP:BOOT       ,
	title = {{KeyStone Architecture DSP Bootloader User Guide          } },
	howpublished={\url{http://www.ti.com/lit/ug/sprugy5c/sprugy5c.pdf}      }
}


@MISC{M24M01       ,
	title = {{M24M01 I2C EEPROM            }},
	howpublished={\url{http://www.st.com/web/catalog/mmc/FM76/CL1276/SC112/PF252608?referrer=70071840}      }
}


@MISC{ STM      ,
	title = {{STMicroelectronics          } },
	howpublished={\url{http://www.st.com/web/en/home.html}      }
}


@MISC{N25Q128       ,
	title = {{N25Q128 SPI NOR FLASH           }},
	howpublished={\url{http://www.micron.com/parts/nor-flash/serial-nor-flash/n25q128a11ef840e}      }
}


@MISC{MT29F2G16       ,
	title = {{MT29F2G16 NAND FLASH          } },
	howpublished={\url{http://www.micron.com/parts/nand-flash/mass-storage/mt29f2g16abbeahc-it}      }
}


@MISC{MT41       ,
	title = {MT41J512M8RA SDRAM           },
	howpublished={\url{https://www.micron.com/parts/dram/ddr3-sdram/mt41j512m8ra-15e}      }
}


@MISC{SN74AUC2G07       ,
	title = {{SN74AUC2G07           }},
	howpublished={\url{http://www.ti.com/product/sn74auc2g07}      }
}


@MISC{COMPANY:MARVELL       ,
	title = {{ Marvell          }},
	howpublished={\url{http://www.marvell.com/}      }
}


@MISC{88E1111       ,
	title = {{ Ethernet PHY 88E1111           }},
	howpublished={\url{http://www.marvell.com/transceivers/assets/Marvell-Alaska-Ultra-88E1111-GbE.pdf}      }
}

@MISC{ECLIPSE       ,
	title = {{ Eclipse  }},
	howpublished={\url{http://www.eclipse.org/}      }
}


@MISC{NVIDIA       ,
	title = {{ NVIDIA  }},
	howpublished={\url{http://www.nvidia.com/content/global/global.php}      }
}



@MISC{AMD       ,
	title = {{ Advanced Micro Devices  }},
	howpublished={\url{http://www.amd.com/}      }
}

@MISC{8B_10B       ,
	title = {{ 8b/10b encoding  }},
	howpublished={\url{http://www.latticesemi.com/~/media/Documents/ReferenceDesigns/1D/8b10bEncoderDecoder-Documentation.PDF}      }
}
@MISC{TCP,
	title = {{TCP/IP protocol   }},
	howpublished={\url{http://www.ietf.org/rfc/rfc1180.txt}      }
}

@MISC{ATCA,
	title = {{Advanced Telecommunication Computing Architecture}},
	howpublished={\url{http://www.picmg.org/v2internal/newinitiative.htm}}
}

@MISC{4DSP,
	title = {{4DSP}},
	howpublished={\url{http://www.4dsp.com/}}
}

@MISC{PRODRIVE,
	title = {{Prodrive}},
	howpublished={\url{http://prodrive.nl/}}
}

@MISC{ADVANTECH,
	title = {{Advantech}},
	howpublished={\url{http://www.advantech.com/}}
}

@MISC{IPMI,
	title = {{Intelligent Platform Management Interface   }},
	howpublished={\url{http://www.intel.com/content/www/us/en/servers/ipmi/ipmi-home.html}      }
}

@MISC{ HYPERLYNX      ,
	title = {{Mentor Graphics Hyperlynx }},
	howpublished={\url{http://www.mentor.com/pcb/hyperlynx/signal-integrity/}      }
}

@MISC{MENTOR      ,
	title = {{Mentor Graphics}},
	howpublished={\url{http://www.mentor.com/}      }
}


@MISC{Intel       ,
	title = {{ Intel  }},
	howpublished={\url{http://www.intel.pl/}      }
}

@MISC{BPMDBM       ,
	title = {{Beam Position Monitor, Digital Back End          } },
	howpublished={\url{http://www.ohwr.org/projects/bpm/wiki}      }
}


@MISC{PCIE_REF_CLK       ,
	title = {{ Silicon Labs   PCIe Clock Selection User Guide       }},
	howpublished={\url{http://www.silabs.com/Support%20Documents/TechnicalDocs/PCIe-Clock-Source-Selection.pdf}     }
}
@MISC{XEON_ATCA,
	title = {{ATCA Blade has dual 2.13 GHz quad-core Intel® processors}},
	howpublished={\url{http://www.silabs.com/Support%20Documents/TechnicalDocs/PCIe-Clock-Source-Selection.pdf}     }
}
http://news.thomasnet.com/fullstory/ATCA-Blade-has-dual-2-13-GHz-quad-core-Intel-processors-566357
@MISC{ADISIMCLK       ,
	title = {{ ADIsimCLK          } },
	howpublished={\url{http://www.analog.com/en/rf-tools/adisimclk/topic.html}      }
}


@MISC{CDCM6208:INFO1       ,
	title = {{CDCM6208 Configuration video           }},
	howpublished={\url{http://www.youtube.com/watch?v=DijjUJQEELM}      }
}


@MISC{CDCM6208:INFO2       ,
	title = {{CDCM6208 Users guide          } },
	howpublished={\url{http://www.ti.com/lit/ug/scau049a/scau049a.pdf}      }
}

@MISC{COMPANY:NXP       ,
	title = {{NXP Semiconductors          } },
	howpublished={\url{http://www.nxp.com/}      }
}


@MISC{FUSION       ,
	title = {{Fusion Digital Power Designer          } },
	howpublished={\url{http://www.ti.com/tool/fusion_digital_power_designer}      }
}

@MISC{UCD9222_EVM       ,
	title = {{UCD9222 EVM Configuration File          } },
	howpublished={\url{http://wfcache.advantech.com/support/DSPM-8301E_EVM%20(6678)-3.0/TMDXEVM6678L_UCD9222_16May11_ver5.rar}      }
}





@MISC{MICRO_TCA       ,
	title = {{Micro Telecommunications Computing Architecture Base Specification }},
}


@MISC{MICRO_TCA2       ,
	title = {{MicroTCA Enhancements for Rear I/O and Precision Timing}},

}


@MISC{AFC       ,
	title = {{AMC FMC Carrier    }       },
	howpublished={http://www.ohwr.org/projects/afc      }
}


@MISC{AT24MAC602       ,
	title = {{ AT24MAC602 }          },
	howpublished={http://www.atmel.com/Images/Atmel-8807-SEEPROM-AT24MAC402-602-Datasheet.pdf      }
}


@MISC{ATMEL       ,
	title = {{Atmel }          },
	howpublished={http://www.atmel.com      }
}


@MISC{MCP79410       ,
	title = {{MCP79410        }   },
	howpublished={http://ww1.microchip.com/downloads/en/DeviceDoc/22266A.pdf      }
}


@MISC{PCA9306       ,
	title = {{PCA9306       }    },
	howpublished={\url{http://www.nxp.com/documents/data_sheet/PCA9306.pdf}      }
}


@MISC{AN11318       ,
	title = {{ AN11318: How to implement the PMBus software stack        }   },
	howpublished={\url{http://www.lpcware.com/content/nxpfile/an11318-how-implement-pmbus-software-stack}      }
}


@MISC{ TPD12S016      ,
	title = {{ TPD12S016  }        },
	howpublished={\url{http://www.ti.com/product/tpd12s016}      }
}


@MISC{ NCP3170      ,
	title = {{ NCP3170      }    },
	howpublished={\url{http://www.onsemi.com/pub_link/Collateral/NCP3170-D.PDF}      }
}



@MISC{SN74ALVC125       ,
	title = {{ SN74ALVC125    }      },
	howpublished={http://www.ti.com/lit/ds/sces110h/sces110h.pdf      }
}


@MISC{TMDXEVM6678L       ,
	title = { TMDXEVM6678L           },
	howpublished={ \url{http://www.advantech.com/Support/TI-EVM/6678le_of.aspx}     }
}

@MISC{VSC8221       ,
	title = {VSC8221           },
	howpublished={\url{https://www.vitesse.com/products/product.php?number=VSC8221} }
}


@MISC{5V41068A       ,
	title = {5V41068A          },
	howpublished={\url{https://www.idt.com/document/dst/5v41068a-datasheet}}
}


@MISC{UCD9222       ,
	title = { UCD9222          },
	howpublished={\url{http://www.ti.com/lit/ds/slvsal7/slvsal7.pdf}}
}

@MISC{PCA9306DCTR       ,
	title = {{PCA9306DCTR    }       },
	howpublished={ 	\url{http://www.ti.com/product/pca9306}     }
}


@MISC{DSP:POWER       ,
	title = {{ C6678 Power Consumption Model (Rev. C) }          },
	howpublished={\url{http://www.ti.com/litv/zip/sprm545c}      }
}



@MISC{UG_STACKUP1       ,
	title = {{Multilayer PCB Stackup Planning  }          },
	howpublished={	\url{http://www.icd.com.au/articles/Stackup_Planning_AN2011_2.pdf}      }
}


@MISC{UG_STACKUP2       ,
	title = { {7 Series FPGAs PCB Design and Pin Planning Guide}           },
	howpublished={\url{http://www.xilinx.com/support/documentation/user_guides/ug483_7Series_PCB.pdf}      }
}



@MISC{BRANDNER       ,
	title = {{ Brandner PCB        }   },
	howpublished={\url{https://www.brandner.ee/}      }
}


@MISC{ BRANDNER_PRODUCTION      ,
	title = { { Brander PCB Production capabilities    }       },
	howpublished={\url{https://www.brandner.ee/eng/74/83/}      }
}

@MISC{DSP_SERDES       ,
	title = {{SerDes Implementation Guide for KeyStone I Devices}           },
	howpublished={\url{http://www.ti.com/lit/an/sprabc1/sprabc1.pdf}      }
}



@MISC{ SN65MLVD040      ,
	title = { {SN65MLVD040 }          },
	howpublished={\url{http://www.ti.com/lit/ds/slls902/slls902.pdf}      }
}


@MISC{SATURN       ,
	title = {{Saturn PCB Toolkit   }        },
	howpublished={\url{http://www.saturnpcb.com/pcb_toolkit.htm}      }
}



@MISC{GPIO       ,
	title = { {USB-TO-GPIO  }         },
	howpublished={\url{http://www.ti.com/tool/usb-to-gpio}      }
}

@MISC{HYPER       ,
	title = { {HyperLink for KeyStone Devices User's Guide}         },
	howpublished={\url{http://www.ti.com/lit/pdf/sprugw8}      }
}


@MISC{HYPERLINK_AC       ,
	title = { {E2E Forum Hyperlink AC        }    },
	howpublished={ \url{http://e2e.ti.com/support/dsp/c6000_multi-core_dsps/f/639/p/117559/423660.aspx#423660 }    }
}



@MISC{ UG:DSP_CLK      ,
	title = {  {Clocking Design Guide for KeyStone Devices, Texas Instruments} },
	howpublished={	\url{http://www.ti.com/lit/an/sprabi4/sprabi4.pdf}	      }
}



@MISC{XPE       ,
	title = {{Xilinx Power Estimator Xilinx Inc.           }},
	howpublished={\url{http://www.xilinx.com/products/design_tools/logic_design/xpe.htm}	      }
}



@MISC{XPE:UG1      ,
	title = {{ Seven Steps to an Accurate Worst-Case Power Analysis Using Xilinx Power Estimator (XPE)          }},
	howpublished={\url{http://www.xilinx.com/support/documentation/white_papers/wp353.pdf}      }
}



@MISC{XPE:UG2,
	title = {{Xilinx Power Estimator User Guide}},
	howpublished={\url{http://www.xilinx.com/support/documentation/sw_manuals/xilinx2013_2/ug440-xilinx-power-estimator.pdf }    }
}



@MISC{DATASHEET:SY89544U       ,
	title = {{SY89544U}           },
	howpublished={ 	\url{http://www.micrel.com/_PDF/HBW/sy89544u.pdf}     }
}



@MISC{ COMPANY:MICREL      ,
	title = {{  Micrel Inc.          } },
	howpublished={\url{http://www.micrel.com/}      }
}



@MISC{DOCS:HIGH_SPEED_LAYOUT       ,
	title = {{High-Speed Layout Guidelines  }         },
	howpublished={\url{http://www.ti.com/lit/an/scaa082/scaa082.pdf}      }
}



@MISC{DOCS:HIGH_SPEED_DSP       ,
	title = {{High Speed DSP PCB Design User Guide Texas Instruments  }         },
	howpublished={\url{http://www.ti.com/lit/ug/spru889/spru889.pdf}      }
}



@MISC{WIKI:TI_XDS       ,
	title = {{Processors Wiki TI}},
	howpublished={\url{http://processors.wiki.ti.com/index.php/XDS_Target_Connection_Guide}      }
}



