@proceeding{doi: 10.1117/12.817943,
author = { Maciej  Kwiatkowski,Grzegorz  Kasprowicz,Krzysztof  Pozniak,Ryszard  Romaniuk,Grzegorz  Wrochna},
title = {Advanced camera image data acquisition system for Pi-of-the-Sky},
journal = {Proc.SPIE},
volume = {7124},
number = {},
pages = {7124 - 7124 - 13},
year = {2008},
doi = {10.1117/12.817943},
URL = {https://doi.org/10.1117/12.817943},
eprint = {}
}
