#books below added as a template
#this is an example of a book citation 
@article{greenwade93,
    author  = "George D. Greenwade",
    title   = "The {C}omprehensive {T}ex {A}rchive {N}etwork ({CTAN})",
    year    = "1993",
    journal = "TUGBoat",
    volume  = "14",
    number  = "3",
    pages   = "342--351"
}

@book{BOOK:BOGATIN,
    author    = "Eric Bogatin",
    title     = "Signal and Power Integrity - Simplified (2nd Edition) 2nd Edition",
}

@book{BOOK:PEOPLEWARE,
    author    = "Tom DeMarco, Tim Lister",
    title     = "Peopleware: Productive Projects and Teams (3rd Edition)",
}


@book{BOOK:BLACK_MAGIC,
    author    = "Howard W. Johnson, Martin Graham",
    title     = "High Speed Digital Design: A Handbook Of Black Magic",
    year      = "1993",
    publisher = " Prentice-Hall ",
}

#this is an example of a book citation 
@book{BOOK:HIGH_SPEED,
    author    = "Stephen H. Hall, Garrett W. Hall, James A. McCall",
    title     = "High-Speed Digital System Design: A Handbook of Interconnect Theory and Design Practices",
    year      = "2001",
    publisher = " Prentice-Hall ",
}

@book{BOOK:MULTI_CAMERA,
    author    = "Hamid Aghajan, Andrea Cavallaro",
    title     = "Multi-Camera Networks: Principles and Applications",
}

@book{BOOK:PROGRAMMING_EMBEDDED,
    author    = "Christophe Bobda, Senem Velipasalar",
    title     = "Programming Embedded Systems in C and C++",
}

@book{BOOK:DISTRIBUTED,
    author    = "by Christophe Bobda, Senem Velipasalar",
    title     = "Distributed Embedded Smart Cameras: Architectures, Design and Applications",
}

@book{BOOK:MAKING_EMBEDDED,
    author    = "Elecia White",
    title     = "Making Embedded Systems Design Patterns for Great Software",
}

@book{BOOK:EMBEDDED_LINUX,
    author    = "Christopher Hallinan",
    title     = "Embedded Linux Primer: A Practical Real-World Approach",
}

@book{BOOK:170YEARS_OF_CAMERAS,
    author    = "Todd Gustavson",
    title     = "500 Cameras: 170 Years of Photographic Innovation",
}
%
%@book{BOOK:SCIENTIFIC_CAMERAS,
%    author    = "Sidney Ray",
%    title     = "500 Cameras: 170 Years of Photographic Innovation",
%}


@MISC{WWW:MIG_TESTING,
	title = {Memory Interface Generator User Guide UG586},
	howpublished={\url{https://www.xilinx.com/support/documentation/ip_documentation/ug586_7Series_MIS.pdf}}
}

@MISC{WWW:TCP_IP_SOCKETS,
	title = {TCP IP Sockets},
	howpublished={\url{http://cs.ecs.baylor.edu/~donahoo/practical/CSockets/PracticalSocketC.pdf}}
}
    
@MISC{WWW:ETHERCAT,
	title = {EtherCAT standard},
	howpublished={\url{https://www.ethercat.org/default.htm}}
}

@article{PIC:UFXC,
    author  = "mgr inż. Jacek Rauza",
    title   = "Modułowy system do obrazowania z wykorzystaniem
          promieniowania X pracujący w trybie zliczania
          pojedynczych fotonów. ",
    year    = "2016",
	howpublished={\url{http://www.eaiib.agh.edu.pl/~doktorant/_media/2016:rauza:rozprawadoktorska_jacekrauza.pdf}}
}

@MISC{XIL:ETH_TESTS,
	title = {Ethernet performance tests},
	howpublished={\url{http://www.wiki.xilinx.com/Zynq+Ethernet+Performance+2014.4}}
}

@MISC{WWW:MAC,
	title = {Media Access Control - MAC},
	howpublished={https://en.wikipedia.org/wiki/Media_access_control}
}


@MISC{WWW:USB,
	title = {USB Interface},
	howpublished={\url{http://www.usb.org/home}}
}

@MISC{WWW:YOCTO,
	title = {Yocto project},
	howpublished={\url{https://www.yoctoproject.org/}}
}

@MISC{WWW:ETHERNET,
	title = {Ethernet Standard IEEE 802.3},
	howpublished={\url{http://www.ieee802.org/3/}}
}

@MISC{WWW:GSTREAMER,
	title = {Gstreamer program},
	howpublished={\url{https://gstreamer.freedesktop.org/}}
}

@MISC{WWW:FIREWIRE,
	title = {FireWire Interface},
	howpublished={\url{http://1394ta.org/}}
}

@MISC{WWW:WIFI,
    title = {WiFi Interface},
	howpublished={\url{http://www.wi-fi.org/}}
}

@MISC{WWW:CAMERA_LINK_INFO,
    title = {Camera Link Interface},
	howpublished={\url{http://www.volkerschatz.com/hardware/clink.html}}
}


@MISC{WWW:XIL_FREERTOS,
    title = {FreeRTOS for Zynq SoC},
	howpublished={\url{http://www.freertos.org/RTOS-Xilinx-Zynq.html}}
}

@MISC{XIL:CACHE_COHERENCE,
    title = {{Zynq Cache Coherence Memory Transfers}},
	howpublished={\url{https://www.xilinx.com/support/answers/50826.html}}
}

@MISC{WWW:CAMERA_LINK,
	title = {Camera Link Interface},
	howpublished={\url{http://www.cable-connection.com/cameralink.jpg}}
}

@MISC{XIL:PG047,
	title = {Xilinx 1G Ethernet PCS/PMA IP Core},
	howpublished={\url{https://www.xilinx.com/support/documentation/ip_documentation/gig_ethernet_pcs_pma/v15_0/pg047-gig-eth-pcs-pma.pdf}}
}

@MISC{WWW:SOC_FPGA,
	title = {Xilinx SoC FPGA},
	howpublished={\url{https://www.xilinx.com/products/silicon-devices/soc/zynq-7000.html}}
}

@MISC{WWW:DIFF_PAIR,
	title = {Differential signaling},
	howpublished={\url{https://en.wikipedia.org/wiki/Differential_signaling}}
}

@MISC{WWW:SOC_FPGA_DIFF,
	title = {What is the difference between ASIC, SoC, FPGA and ASSP?},
	howpublished={\url{http://www.eetimes.com/author.asp?doc_id=1322856}}
}

@MISC{WWW:GIGE,
	title = {GigE Vision Interface},
	howpublished={\url{http://www.visiononline.org/vision-standards-details.cfm?type=5}}
}


@MISC{WWW:CPI,
	title = {Camera Parallel Interface},
	howpublished={\url{http://www.ftdichip.com/Support/Documents/TechnicalNotes/TN_158_What_Is_The_Camera_Parallel_Interface.pdf}}
}

@MISC{WWW:CSI_MIPI,
	title = {Camera Serial Interface/MIPI},
	howpublished={\url{http://mipi.org/specifications/camera-interface}}
}



@MISC{XIL:FLOW,
	title = {Xilinx FPGA Design Flow - ISE},
	howpublished={\url{http://www.xilinx.com/itp/xilinx10/isehelp/ise_c_fpga_design_flow_overview.htm}}
}

@MISC{WWW:PANASONIC,
	title = {PANASONIC},
	howpublished={\url{http://www.panasonic.com/}}
}
@MISC{WWW:EXPEED,
	title = {Nikon Expeed Processor},
	howpublished={\url{https://nikoneurope-en.custhelp.com/app/answers/detail/a_id/22730/~/what-is-expeed%3F}}
}

@MISC{XIL:DATAMOVER_IP,
	title = {Xilinx Datemover IP 7 Series FPGA User Guide},
	howpublished={\url{http://www.xilinx.com/support/documentation/ip_documentation/axi_datamover/v5_1/pg022_axi_datamover.pdf}}
}

@MISC{XIL:SELECT_IO,
	title = {SelectIO Interface Wizard 7 Series FPGA User Guide},
	howpublished={\url{http://www.xilinx.com/support/documentation/ip_documentation/selectio_wiz/v5_1/pg070-selectio-wiz.pdf}}
}

@MISC{XIL:MIG_UG,
	title = {{Memory Interface Generator 7 Series FPGA User Guide}},
	howpublished={\url{http://www.xilinx.com/support/documentation/ip_documentation/ug586_7Series_MIS.pdf}}
}

@MISC{PIC:EXPEED,
	title = {Nikon Expeed Processor Architecture},
	howpublished={\url{https://upload.wikimedia.org/wikipedia/en/e/e8/EXPEED_Milbeaut_M42.gif}}
}

@MISC{PIC:CCD,
	title = {CCD architecture},
	howpublished={\url{http://www.olympusmicro.com/primer/digitalimaging/concepts/images/fullframeccd.jpg}}
}

@MISC{PIC:CCD_WAVELENGTH,
	title = {CCD Wavelength response},
	howpublished={\url{http://zeiss-campus.magnet.fsu.edu/articles/basics/images/imagingintrofigure8.jpg}}
}

@MISC{XIL:PTP1,
	title = {PTP Xilinx Zynq},
	howpublished={\url{http://www.wiki.xilinx.com/Zynq-7000+AP+SoC+-+Precision+Timing+with+IEEE1588+v2+Protocol+Tech+Tip}}
}

@MISC{XIL:GTX,
	title = {GTX/GTH 7 series Transceivers Users Guide},
	howpublished={\url{http://www.xilinx.com/support/documentation/user_guides/ug476_7Series_Transceivers.pdf}}
}


@MISC{XIL:LIB,
	title = {Xilinx FPGA 7 Series HDL library},
	howpublished={\url{http://www.xilinx.com/support/documentation/sw_manuals/xilinx14_7/7series_hdl.pdf}}
}

@MISC{XIL:PRIMITIVES,
	title = {Xilinx FPGA 7 Series HDL library},
	howpublished={\url{http://www.xilinx.com/support/documentation/user_guides/ug471_7Series_SelectIO.pdf}}
}

@MISC{LINUX:PTP,
	title = {PTP Linux implementation},
	howpublished={\url{http://linuxptp.sourceforge.net/}}
}

@MISC{NIST:PTP,
	title = {NIST PTP},
	howpublished={\url{https://www.nist.gov/el/intelligent-systems-division-73500/ieee-1588}}
}

@MISC{XILINX:PTPD,
	title = {Xilinx PTPD Application Note},
	howpublished={\url{http://www.wiki.xilinx.com/Zynq-7000+AP+SoC+-+Precision+Timing+with+IEEE1588+v2+Protocol+Tech+Tip}}
}


@MISC{PIC:CMOS,
	title = {{CMOS Architecture}},
	howpublished={\url{http://www.sensorcleaning.com/pics/CMOS_sensor_diagram.jpg}}
}


@MISC{WWW:ANDROID_LINUX,
	title = {Android OS},
	howpublished={\url{https://www.android.com/}}
}



@MISC{data:microblaze,
	title = {{Xilinx Microblaze General Information}},
	howpublished={\url{http://www.xilinx.com/products/design-tools/microblaze.html}}
}

@MISC{XIL:ULTRA_FAST,
	title = {Xilinx Ultra Fast Design Methodology},
	howpublished={\url{http://www.xilinx.com/products/design-tools/ultrafast.html}}
}

@MISC{CIT:KENT_BACK,
	title = {Kent Back quote \textit{Make it Work, Make it Right, Make it Fast}},
	howpublished={\url{http://c2.com/cgi/wiki?MakeItWorkMakeItRightMakeItFast}}
}

@MISC{WWW:ELPHEL_393,
	title = {Elphel Wiki model 393},
	howpublished={\url{http://wiki.elphel.com/index.php?title=10393}}
}

@MISC{WWW:AM335,
	title = {Texas Instruments Sitara AM335x},
	howpublished={\url{http://www.ti.com/lsds/ti/processors/sitara/arm_cortex-a8/am335x/overview.page}}
}

@MISC{WWW:OMAP,
	title = {Texas Instruments OMAP},
	howpublished={\url{http://www.ti.com/general/docs/wtbu/wtbugencontent.tsp?contentId=4638&navigationId=11988&templateId=6123}}
}


@MISC{WWW:QE,
	title = {Sensor sensitivity},
	howpublished={\url{http://info.adimec.com/blogposts/ccd-vs.-cmos-sensitivity-in-low-light-improvements-with-industrial-cmos-image-sensors-and-cameras}}
}


@MISC{WWW:GOOGLE_MAPS,
	title = {What is the technology behind the Google Street View?},
	howpublished={\url{https://www.quora.com/What-is-the-technology-stack-behind-Google-Street-View}}
}

@MISC{WWW:AXIOM_GITHUB,
	title = {Axiom Github},
	howpublished={\url{https://github.com/daly/axiom}}
}

@MISC{WWW:ZYNQ,
	title = {Xilinx Zynq SoC},
	howpublished={\url{http://www.xilinx.com/products/silicon-devices/soc/zynq-7000.html}}
}

@MISC{WWW:ELPHEL_353,
	title = {Elphel Wiki model 353},
	howpublished={\url{http://wiki.elphel.com/index.php?title=353_in_a_nutshell}}
}

@MISC{WWW:AXIOM_BETA,
	title = {Apertus Axiom Camera Github},
	howpublished={\url{https://github.com/apertus-open-source-cinema}}
}

@MISC{WWW:ATIK_CAMERA,
	title = {Atik Scientific Astronomy camera},
	howpublished={\url{http://www.atik-cameras.com/product/atik-11000/}}
}

@MISC{WWW:ETH_1000BASEX,
	title = {1000BASE-X definition},
	howpublished={\url{https://www.techopedia.com/definition/26890/1000base-x}}
}


@MISC{PIC:ZYNQ_DIAG,
  title={Zynq SoC Block diagram},
  howpublished={\url{http://www.cnx-software.com/wp-content/uploads/2012/03/xilinx_zynq-7000_EPP_block_diagram_large.jpg}}
  }

@MISC{PIC:SHUTTER,
  title={Focal plane shutter},
  howpublished={\url{https://upload.wikimedia.org/wikipedia/commons/a/aa/Focal-plane_shutter.jpg}}
  }

@MISC{PIC:CAMERA_DIAG,
	title = {Digital camera diagram},
	howpublished={\url{http://upload.wikimedia.org/wikipedia/commons/thumb/c/c2/Reflex_camera_simple_labels.svg/2000px-Reflex_camera_simple_labels.svg.png}}
}

@MISC{WWW:XIL_BOOT,
	title = {Xilinx Zynq SoC Boot and Config},
	howpublished={\url{http://www.wiki.xilinx.com/Zynq-7000+AP+SoC+Boot+%26+Config}}
}


@MISC{WWW:UBOOT1,
	title = {U-Boot introduction},
	howpublished={\url{http://www.stlinux.com/u-boot/introduction}}
}

@MISC{WWW:UBOOT2,
	title = {U-Boot specification},
	howpublished={\url{http://www.denx.de/wiki/U-Boot}}
}

@MISC{WWW:DMAIC,
    title = {{DMAIC Methodology}},
    howpublished={\url{http://asq.org/learn-about-quality/six-sigma/overview/dmaic.html}}
}


@MISC{WWW:DEVICE_TREE_INFO,
	title = {{Basic Device Tree specification}},
	howpublished={\url{http://events.linuxfoundation.org/sites/events/files/slides/petazzoni-device-tree-dummies.pdf}}
}

@MISC{WWW:NIKON,
	title = {Nikon Website},
	howpublished={\url{http://www.nikon.com/}}
}
@MISC{WWW:CANON,
	title = {Canon Website},
	howpublished={\url{http://global.canon/en/}}
}
@MISC{WWW:PENTAX,
	title = {Pentax Website},
	howpublished={\url{http://www.ricoh-imaging.fr/}}
}
@MISC{WWW:SONY,
	title = {Sony Website},
	howpublished={\url{http://www.sony.com/}}
}

@MISC{WWW:HAMAMATSU,
	title = {Hamamatsu Website},
	howpublished={\url{http://www.hamamatsu.com/}}
}


@MISC{WWW:FAIRCHILD,
	title = {Fairchild Website},
	howpublished={\url{https://www.fairchildsemi.com/}}
}

@MISC{WWW:ANDOR,
	title = {Andor Website},
	howpublished={\url{http://www.hamamatsu.com/}}
}


@MISC{PIC:RESOULTION,
	title = {Photography Life Resolution comparison},
	howpublished={\url{https://cdn.photographylife.com/wp-content/uploads/2015/02/Image-Resolution-Comparison.jpg}}
}


@MISC{WWW:QEMU,
	title = {Xilinx QEMU emulation},
	howpublished={\url{http://www.wiki.xilinx.com/QEMU}}
}

@MISC{WWW:ECLIPSE_TCF,
	title = {Eclipse TCF},
	howpublished={\url{https://wiki.eclipse.org/TCF}}
}

@MISC{WWW:LINARO,
	title = {Device tree website},
	howpublished={\url{http://webdev.linaro.org/devicetree.org/}}
}

@MISC{LNX:DEVICE_TREE,
	title = {Device tree eLinux },
	howpublished={\url{http://elinux.org/Device_Tree}}
}

@MISC{XIL:DEVICE_TREE,
	title = {Device tree Xilinx Petlinux Documentation},
	howpublished={\url{http://www.wiki.xilinx.com/Build+Device+Tree+Blob}}
}

@MISC{PIC:HUBBLE,
    author = {NASA},
	title =  {A diagram of a Hubble Telescope},
	howpublished={\url{http://www.pbs.org/deepspace/hubble/diagram.html}}
}

@MISC{WWW:TCF,
  author = {Xilinx},
  title = {Debugging with TCF Agent},
  howpublished={\url{http://www.xilinx.com/support/documentation/sw_manuals/xilinx14_7/SDK_Doc/tasks/sdk_t_linux_application_debugging_system_debugger.htm}}
}

@MISC{WWW:ELPHEL,
    author = {Elphel Inc.},
	title =  {{Open} {Camera} {Project}},
	howpublished={\url{http://wiki.elphel.com/index.php?title=Main_Page}}
}

@MISC{WWW:APERTUS,
    author = {Apertus},
	title =  {{Open} {Cinema} {Camera} {Project}},
	howpublished={\url{http://www.apertus.org/}}
}


@MISC{WWW:MIL,
    author = {USA Department of Defense},
	title =  {A diagram of a Hubble Telescope},
	howpublished={\url{http://www.pbs.org/deepspace/hubble/diagram.html}}
}


@MISC{PIC:LSST,
    author = {Brookhaven National Laboratory},
	title =  {Visualisation of LSST Camera},
	howpublished={\url{https://www.bnl.gov/lsst/CCD.phj}}
}

@MISC{XIL:VIN_AXIS,
	title =  {Xilinx Video In to AXI Stream IP Core Application Note},
	howpublished={\url{https://www.xilinx.com/products/intellectual-property/video_in_to_axi4_stream.html}}
}



@MISC{WWW:LIGHT_SENSITIVITY,
    author = {AXIS},
	title =  {Light sensitivity in cameras},
	howpublished={\url{http://www.axis.com/global/en/learning/web-articles/technical-guide-to-network-video/light-sensitivity}}
}
@MISC{UG:DATAMOVER,
    author = {Xilinx},
	title =  {Xilinx Datamover AXI IP User Guide},
	howpublished={\url{http://www.xilinx.com/support/documentation/ip_documentation/axi_datamover/v5_1/pg022_axi_datamover.pdf}}
}

@MISC{UG:UG904_DESIGNING_IP_SUBSYSTEMS,
    author = {Cmosis},
	title =  {Xilinx Vivado Design Suite User Guide: Designing IP Subsystems Using IP Integrator},
	howpublished={\url{http://www.xilinx.com/support/documentation/sw_manuals/xilinx2015_4/ug994-vivado-ip-subsystems.pdf}}
}

@MISC{WWW:T7500,
  author = {Dell},
  title = {{Dell} {T7500}},
  howpublished = {\url{http://www.dell.com/us/business/p/precision-t7500/pd}}
}

@MISC{WWW:EXP_TIME,
  author = {BHPhoto Video},
  title = {{Exposure time comparison}},
  howpublished = {\url{http://static.bhphotovideo.com/explora/explora/sites/default/files/speedvalue_1.jpg}}
}

@MISC{WWW:NOISE,
  author = {qsimaging},
  title = {{Understanding sensor noise}},
  howpublished = {\url{http://qsimaging.com/ccd_noise.html}}
}

@MISC{WWW:ISO,
  author = {qsimaging},
  title = {{Influence of sensitivity on a picture}},
  howpublished = {\url{http://beginnersphoto.weebly.com/uploads/1/0/5/5/10557771/6745791_orig.jpg}}
}


@MISC{WWW:MICRIUM,
  title = {Micrium OS},
  howpublished = {\url{https://www.micrium.com/}}
}

@MISC{WWW:GREENHILLS,
  title = {Green Hills OS},
  howpublished = {\url{http://www.ghs.com/}}
}

@MISC{WWW:CMV4000,
  title = {{Cmosis} {CMV4000}},
  howpublished = {\url{http://www.cmosis.com/products/standard\_products/cmv4000}}
}

@MISC{MASTER:GK,
  author = {Grzegorz Kasprowicz},
  title = {Integrated CCD camera with USB interface and FPGA device for professional
    astronomical researches}
}

@MISC{XIL:ZC706,
  title = {Xilinx {ZC706} {Development} {Board}},
  howpublished = {\url{http://www.cmosis.com/products/standard\_products/cmv4000}}
}

@MISC{WWW:FADE,
  title = {FADE Protocol},
  howpublished={\url{http://opencores.org/project,fade_ether_protocol}},
}

@MISC{XIL:PTP,
  author = {Xilinx},
  title = {Xilinx PTPv2 Implementation},
  howpublished={\url{http://www.wiki.xilinx.com/Zynq-7000+AP+SoC+-+Precision+Timing+with+IEEE1588+v2+Protocol+Tech+Tip}},
}

@MISC{XIL:XAPP1082,
  title = {Zynq Ethernet PL},
  howpublished={\url{http://www.wiki.xilinx.com/Zynq+PL+Ethernet?responseToken=0173612813dab8f99e2abec0522708ab4}},
}

@MISC{ART:ETHERNET,
  author = {EE Times},
  title = {Inevitable Ethernet},
  howpublished={\url{http://www.eetimes.com/document.asp?doc_id=1327354 }},
}


@MISC{ART:ETHERNET_2,
  author = {embedded.com},
  title = {Ethernet {Enabled} {Digital} {IO} {Control} in {Embedded} {Systems}},
  howpublished={\url{http://www.embedded.com/design/connectivity/4433005/Ethernet-Enabled-Digital-I-O-Control-in-Embedded-Systems-}},
}



@MISC{XIL:EMACPS_DRIVER,
  author = {Xilinx},
  title = {Xilinx PTPv2 Implementation},
  howpublished={\url{http://www.wiki.xilinx.com/Zynq+Emacps+Linux+Driver}}
}

@MISC{WWW:PTP_COMMERCIAL,
  title = {Commercial PTP Implementation},
  howpublished={\url{http://soc-e.com/products/precisetimebasic-zynq-edition-ieee-1588-2008-v2-ptp-ip-core/}}
}

@MISC{XIL:PETALINUX,
  author = {Xilinx},
  title = {{Xilinx} {Petalinux}},
  howpublished={\url{http://www.xilinx.com/products/design-tools/embedded-software/petalinux-sdk.html}}

}

@MISC{WWW:PI_OF_THE_SKY,
  author = {Physics Faculty University of Warsaw},
  title = {{Pi of the sky project}},
  howpublished={\url{http://grb.fuw.edu.pl/}}

}

@MISC{WIKI:EMACPS,
  title = {Xilinx PTPv2 Implementation},
  howpublished={\url{http://www.wiki.xilinx.com/Zynq+Emacps+Linux+Driver}}
}


@MISC{UG:WP1202,
	title = {Altera - Choosing the best SoC for your next design},
	howpublished={\url{https://www.altera.com/en_US/pdfs/literature/wp/wp-01202-embedded-system-soc-design-considerations.pdf}}
}

@MISC{art:end_of_assp,
	title = {The End of ASSP},
	howpublished={\url{http://www.eejournal.com/archives/articles/20140311-endofassp/}}
}

@MISC{XIL:PATCH,
	title = {Xilinx Vivado 2014.4 Patch},
	howpublished={\url{http://www.xilinx.com/support/answers/63036.html}}
}


@MISC{DSH:TRM,
	title = {Xilinx Zynq 7000 Technical Reference Manual},
	howpublished={\url{http://www.xilinx.com/support/documentation/user_guides/ug585-Zynq-7000-TRM.pdf}}
}

@MISC{WIKI:PCS,
	title = {Physical Coding Sublayer - Wikipedia},
	howpublished={\url{https://en.wikipedia.org/wiki/Physical_Coding_Sublayer}}
}

@MISC{XIL:ZYNQ_PL_ETH,
	title = {Xilinx Zynq PL Ethernet},
	howpublished={\url{http://www.wiki.xilinx.com/Zynq+PL+Ethernet}}
}


@MISC{XIL:PCS_PMA,
	title = {Xilinx Ethernet 1G/2.5G BASE-X PCS/PMA or SGMII},
	howpublished={\url{http://www.xilinx.com/products/intellectual-property/do-di-gmiito1gbsxpcs.html}}
}

@MISC{WWW:IPCODE,
    title = {IP Codes},
	howpublished={\url{https://en.wikipedia.org/wiki/IP_Code}}
}

@MISC{WWW:BARREL,
    title = {Barrel distortion example picture},
    howpublished={\url{http://gilsmethod.wpengine.netdna-cdn.com/images/how-to-correct-lense-distortion-with-photoshop7.png}}

}

@MISC{art:softproc_rtos, 
  title = {Demonstration of Multitasking using ThreadX RTOS on Microblaze and PowerPC, Awais Mehmood Kamboh}, 
  howpublished={\url{http://www.researchgate.net/publication/265011000_Demonstration_of_Multitasking_using_ThreadX_RTOS_on_Microblaze_and_PowerPC}} 
}

@MISC{WWW:FREERTOS,
    title = {FreeRTOS, Real Time Engineers Ltd.},
	howpublished={\url{www.freertos.org}}
}

@MISC{WWW:UG1037,
	title = {Xilinx Vivado AXI Reference Guide},
	howpublished={\url{http://www.xilinx.com/support/documentation/ip_documentation/axi_ref_guide/latest/ug1037-vivado-axi-reference-guide.pdf}}
}

@MISC{WWW:AMBA,
	title = {AMBA Specification},
	howpublished={\url{https://www.arm.com/products/system-ip/amba-specifications.php}}
}


%\begin{thebibliography}{9}
%\bibitem{ZC706} Xilinx ZC706 Evaluation Board \url{http://www.xilinx.com/products/boards-and-kits/EK-Z7-ZC706-G.htm}
%\bibitem{CMV4000} CMOSIS CMV4000 Sensor \url{http://www.cmosis.com/products/standard\_products/cmv4000}
%\bibitem{CIS} CIS 1910F Sensor
%\bibitem{SPEC_PHOTO} \url{http://www.steadidrone.eu/uav-hexacopter-h6x-for-precise-agriculture/}
%\bibitem{5}  LogiCORE IP AXI Interconnect v1.06.a, Xilinx, DS768 December 18, 2012
%\bibitem{12} Application note for CMV2000 and CMV4000 , Interface Training , CMV2000-AN3-v1 , CMOSIS NV, 2009
%\bibitem{9}  \url{www.freertos.org}, Real Time Engineers Ltd.
%\bibitem{11} 7 Series FPGAs SelectIO Resources User Guide , UG471 (v1.3), Xilinx, October 31, 2012
%\bibitem{10} Zynq-7000 All Programmable SoC (XC7Z010, XC7Z015, and XC7Z020): DC and AC Switching Characteristics, DS187 (v1.8), Xilinx, September 12, 2013
%\cite{SATA} \url{http://www.serialata.org/}





@mastersthesis{mastersthesis, 
  author = {Peter Harwood}, 
  title = {The title of the work}, 
  school = {The school where the thesis was written}, 
  year = 1993, 
  note = {An optional note} 
}

@article{article, 
  author = {Peter Adams}, 
  title = {The title of the work}, 
  journal = {The name of the journal}, 
  year = 1993, 
  number = 2, 
  pages = {201-213}, 
  month = 7, 
  note = {An optional note}, 
  volume = 4 
} 

@book{book, 
  author = {Peter Babington}, 
  title = {The title of the work}, 
  publisher = {The name of the publisher}, 
  year = 1993, 
  volume = 4,
  series = 10, 
  address = {The address}, 
  edition = 3, 
  month = 7, 
  note = {An optional note}, 
  isbn = {3257227892}
}

@MISC{CUDA,
	title = {{CUDA}},
	howpublished={\url{http://www.nvidia.com/object/cuda_home_new.html}}
}

@MISC{LENS,
	title = {{Nikon Lenses}},
	howpublished={\url{http://www.cameralabs.com/reviews/Nikkor_kit_lens_group_test/images/Nikkor_lens_gp_zoomed_out.jpg}}
}

@MISC{BARREL,
	title = {{Image of barrel distortion}},
	howpublished={\url{http://gilsmethod.wpengine.netdna-cdn.com/images/how-to-correct-lense-distortion-with-photoshop7.png}}
}
    
@MISC{LHC,
	title = {The {L}arge {H}ardon {C}ollider at {CERN}},
	howpublished={\url{http://home.web.cern.ch/about/accelerators/large-hadron-collider}}
}

@MISC{PERG,
	title = {Photonics and {W}eb {E}ngineering {R}esearch {G}roup},
	howpublished={\url{http://www.ise.pw.edu.pl/~rrom/}}
}

@MISC{MATLAB,
	title = {Mathworks {M}atlab},
	howpublished={\url{http://www.mathworks.com/products/matlab/}}
}


@MISC{COMPANY:TEXAS,
	title = {Texas {I}nstruments},
	howpublished={\url{http://www.ti.com/}}
}

@MISC{SOFT:LINUX,
	title = {Linux {M}ulticore {S}oftware {D}evelopement {K}it},
	howpublished={\url{http://www.ti.com/tool/bioslinuxmcsdk}}
}


@MISC{COMPANY:Xilinx,
	title = {Xilinx Inc.},
	howpublished={\url{http://www.xilinx.com/}}
}
%-------------------------------------------------------------------------

@MISC{FPGA:UG470,
	title = {{ 7 Series FPGAs Configuration User Guide UG470}},
	howpublished={\url{http://www.xilinx.com/support/documentation/user_guides/ug470_7Series_Config.pdf}}
}

@MISC{FPGA:UG475,
	title = {{7 Series FPGAs Packaging and Pinout Product Specification UG475}},
	howpublished={	\url{http://www.xilinx.com/support/documentation/user_guides/ug475_7Series_Pkg_Pinout.pdf}}
}

@MISC{COMPANY:MICRON,
	title = {{Micron}},
	howpublished={\url{http://www.micron.com/}}
}


@MISC{COMPANY:MAXIM,
	title = {{Maxim Integrated        }   },
	howpublished={\url{http://www.maximintegrated.com/}}
}



@MISC{COMPANY:ANALOG,
	title = {{Analog Devices}},
	howpublished={\url{ http://www.analog.com/en/index.html}}
}

@MISC{FPGA:GTP,
	title = {{7 Series FPGAs GTP TransceiversUser Guide UG482}},
	howpublished={\url{http://www.xilinx.com/support/documentation/user_guides/ug482_7Series_GTP_Transceivers.pdf}}
}

@MISC{FPGA:MIG,
	title = {{7 Series FPGAs Memory Interface Solutions v2.0 User Guide UG586}},
	howpublished={\url{ http://www.xilinx.com/support/documentation/ip_documentation/mig_7series/v2_0/ug586_7Series_MIS.pdf}}
}


@MISC{COMPANY:ON,
	title = {{ON Semiconductor}},
	howpublished={\url{http://www.onsemi.com/}}
}

@MISC{FPGA:UG472,
	title = {{7 Series FPGAs Clocking Resources User Guide UG472}},
	howpublished={\url{http://www.xilinx.com/support/documentation/user_guides/ug472_7Series_Clocking.pdf}}
}

@MISC{COMPANY:STM,
	title = {{STMicroelectronics} },
	howpublished={\url{http://www.st.com/web/en/home.html}      }
}


@MISC{COMPANY:MARVELL,
	title = {{ Marvell}},
	howpublished={\url{http://www.marvell.com/}      }
}

@MISC{NVIDIA,
	title = {{ NVIDIA  }},
	howpublished={\url{http://www.nvidia.com/content/global/global.php}      }
}

@MISC{Intel,
	title = {{ Intel  }},
	howpublished={\url{http://www.intel.pl/}      }
}

@MISC{WWW:CNT_SENSOR1,
	title = {{X-Ray counting sensor - ATLAS Experiment CERN} },
	howpublished={\url{http://theses.gla.ac.uk/1009/}}
}

@MISC{WWW:CERN_VHDL,
	title = {{CERN OHWR VHDL Coding Guidelines}},
	howpublished={\url{http://www.ohwr.org/projects/ed/wiki/VHDL_coding}}
}

@MISC{XIL:AMP_LINUX_FREERTOS,
	title = {Xilinx Zynq AMP FreeRTOS Petalinux Application Note},
	howpublished={\url{http://www.xilinx.com/support/documentation/application_notes/xapp1079-amp-bare-metal-cortex-a9.pdf}      }
}

@MISC{XIL:AMP_LINUX,
	title = {Xilinx Zynq Baremetal AMP Application Note},
	howpublished={\url{http://www.xilinx.com/support/documentation/application_notes/xapp1079-amp-bare-metal-cortex-a9.pdf}      }
}


@MISC{WWW:SATA,
	title = {Serial ATA IP Core},
	howpublished={\url{http://opencores.org/project,sata_controller_core}      }
}

@MISC{XIL:AMP_BAREMETAL,
	title = {Xilinx Zynq Simple AMP Application Note},
	howpublished={\url{http://www.xilinx.com/support/documentation/application_notes/xapp1078-amp-linux-bare-metal.pdf}      }
}


@MISC{COMPANY:NXP,
	title = {NXP Semiconductors},
	howpublished={\url{http://www.nxp.com/}}
}

@INPROCEEDINGS{PAPER:DYN_RECONF_CAMERA, 
  author={J. Khalifat and A. Ebrahim and A. Adetomi and T. Arslan}, 
  booktitle={Adaptive Hardware and Systems (AHS), 2015 NASA/ESA Conference on}, 
  title={A dynamic partial reconfiguration design for camera systems}, 
  year={2015}, 
  pages={1-7}, 
  doi={10.1109/AHS.2015.7231170}, 
  month={June},
}
 
@INPROCEEDINGS{PAPER:ADAS, 
  author={T. Kryjak and M. Komorkiewicz and M. Gorgon}, 
  booktitle={Design and Architectures for Signal and Image Processing (DASIP), 2014 Conference on}, 
  title={Hardware-software implementation of vehicle detection and counting using virtual detection lines}, 
  year={2014}, 
  pages={1-8}, 
  doi={10.1109/DASIP.2014.7115618}, 
  month={Oct},
}

@INPROCEEDINGS{PAPER:OPENCV_ADAS, 
    author={M. Russell and S. Fischaber}, 
    booktitle={2013 11th IEEE International Conference on Industrial Informatics (INDIN)}, 
    title={OpenCV based road sign recognition on Zynq}, 
    year={2013}, 
    pages={596-601}, 
    keywords={filtering theory;image classification;image colour analysis;public domain software;road
              vehicles;system-on-chip;traffic engineering computing;FMC slot;OpenCV-based road sign recognition;UK road
              sign database;Xilinx Zynq-7020 chip;Zedboard;Zynq PL section;autonomous vehicles;color-based image
              filtering;driver assistance systems;filtered image shape classification;image preprocessing
              functions;image scanning;on-semiconductor VITA-2000 sensor;real-time system-on-chip-based approach;road
              sign identification;road sign maintenance;template matching function;Field programmable gate
              arrays;Hardware;Image color analysis;Image segmentation;Roads;Shape;Software}, 
    doi={10.1109/INDIN.2013.6622951}, 
    ISSN={1935-4576}, 
    month={July},}

@INPROCEEDINGS{PAPER:ZYNQ_DETECTION, 
  author={F. Schwiegelshohn and M. Hübner}, 
  booktitle={2014 International Conference on ReConFigurable Computing and FPGAs (ReConFig14)}, 
  title={Design of an attention detection system on the Zynq-7000 SoC}, 
  year={2014}, 
  pages={1-6}, 
  doi={10.1109/ReConFig.2014.7032510}, 
  ISSN={2325-6532}, 
  month={Dec},
}

@INPROCEEDINGS{PAPER:FPGA_VIS_FEATURES, 
  author={F. Brenot and P. Fillatreau and J. Piat}, 
  booktitle={Electronics, Control, Measurement, Signals and their Application to Mechatronics (ECMSM), 2015 IEEE
    International Workshop of}, 
  title={FPGA based accelerator for visual features detection}, 
  year={2015}, 
  pages={1-6}, 
  doi={10.1109/ECMSM.2015.7208697}, 
  month={June},
}


@INPROCEEDINGS{PAPER:POWER_EFF_ARCH, 
  author={C. Wilson and P. Zicari and S. Craciun and P. Gauvin and E. Carlisle and A. George and H. Lam}, 
  booktitle={2014 International Conference on ReConFigurable Computing and FPGAs (ReConFig14)}, 
  title={A power-efficient real-time architecture for SURF feature extraction}, 
  year={2014}, 
  pages={1-8}, 
  doi={10.1109/ReConFig.2014.7032492}, 
  ISSN={2325-6532}, 
  month={Dec},
}

@INPROCEEDINGS{PAPER:UAV_CAMERA, 
  author={H. Chenini and D. Heller and C. Dezan and J. Diguet and D. Campbell}, 
  booktitle={2015 IEEE International Conference on Acoustics, Speech and Signal Processing (ICASSP)}, 
  title={Embedded real-time localization of UAV based on an hybrid device}, 
  year={2015}, 
  pages={1543-1547}, 
  doi={10.1109/ICASSP.2015.7178229}, 
  ISSN={1520-6149}, 
  month={April},
}


